@Misc{Chen2015EMClusterpackage,
  title = {{EMCluster}: {EM} Algorithm for Model-Based Clustering of
           Finite Mixture Gaussian Distribution},
  author = {Wei-Chen Chen and Ranjan Maitra},
  year = {2015},
  note = {{R} Package, URL
  http://cran.r-project.org/package=EMCluster},
}
@ARTICLE{Dempster1977,
  author = {Dempster, A. and Laird, N. and Rubin, D.},
  title = {Maximum Likelihood Estimation from Incomplete Data
           via the {EM} Algorithm},
  journal = {Journal of the Royal Statistical Society Series B},
  year = {1977},
  volume = {39},
  number = {3},
  pages = {1-38},
  long_journal = {Journal of the Royal Statistical Society Series B}
}

@ARTICLE{maitra09,
  author = {Maitra, R},
  title = {Initializing Partition-Optimization Algorithms},
  journal = {IEEE/ACM Transactions on Computational Biology and Bioinformatics},
  year = {2009},
  volume = {6},
  pages = {144-157},
  doi = {http://doi.ieeecomputersociety.org/10.1109/TCBB.2007.70244},
  owner = {maitra},
  timestamp = {2008.04.24}
}
@ARTICLE{biernackietal03,
  author = {C. Biernacki and G. Celeux and G. Govaert},
  title = {Choosing starting values for the {EM} algorithm for getting the highest
	likelihood in multivariate {G}aussian mixture models},
  journal = {Computational Statistics and Data Analysis},
  year = {2003},
  volume = {413},
  pages = {561-575}
}
@ARTICLE{maitra01,
  author = {R. Maitra},
  title = {Clustering massive datasets with applications to software metrics and tomography},
  journal = {Technometrics},
  year = {2001},
  volume = {43},
  pages = {336-346},
  number = {3}
}
@Manual{Rcore,
  title = {{R}: A Language and Environment for Statistical Computing},
  author = {{R Core Team}},
  organization = {R Foundation for Statistical Computing},
  address = {Vienna, Austria},
  year = {2012},
  note = {{ISBN} 3-900051-07-0},
  url = {http://www.r-project.org/}
}

