@Misc{Chen2012EMClusterpackage,
  author = {Chen, W.-C. and Melnykov V. and Maitra, R.},
  title = {EMCluster: EM Algorithm for Model-Based Clustering of Finite Mixture Gaussian Distribution},
  year = {2012},
  note = {R Package, URL http://cran.r-project.org/package=EMCluster}
}

@Manual{Chen2012EMClustervignette,
  author = {Chen, W.-C. and Melnykov V. and Maitra, R.},
  title = {A Quick Guid for the EMCluster Package},
  year = {2012},
  note = {R Vignette, URL http://cran.r-project.org/package=EMCluster}
}

@ARTICLE{Dempster1977,
  author = {Dempster, A. and Laird, N. and Rubin, D.},
  title = {Maximum Likelihood Estimation from Incomplete Data
           via the {EM} Algorithm},
  journal = {Journal of the Royal Statistical Society Series B},
  year = {1977},
  volume = {39},
  number = {3},
  pages = {1-38},
  long_journal = {Journal of the Royal Statistical Society Series B}
}

@ARTICLE{maitra09,
  author = {Maitra, R},
  title = {Initializing Partition-Optimization Algorithms},
  journal = {IEEE/ACM Transactions on Computational Biology and Bioinformatics},
  year = {2009},
  volume = {6},
  pages = {144-157},
  doi = {http://doi.ieeecomputersociety.org/10.1109/TCBB.2007.70244},
  owner = {maitra},
  timestamp = {2008.04.24}
}

@ARTICLE{biernackietal03,
  author = {C. Biernacki and G. Celeux and G. Govaert},
  title = {Choosing starting values for the {EM} algorithm for getting the highest
	likelihood in multivariate {G}aussian mixture models},
  journal = {Computational Statistics and Data Analysis},
  year = {2003},
  volume = {413},
  pages = {561-575}
}

@ARTICLE{maitra01,
  author = {R. Maitra},
  title = {Clustering massive datasets with applications to software metrics and tomography},
  journal = {Technometrics},
  year = {2001},
  volume = {43},
  pages = {336-346},
  number = {3}
}

@ARTICLE{Hubert1985,
  author = {Hubert, L. and Arabie, P.},
  title = {Comparing partitions},
  journal = {Journal of Classification},
  year = {1985},
  volume = {2},
  pages = {193-218}
}

